<record><leader>00000cas a2200000 a 4500</leader><controlfield tag="001">4233004</controlfield><controlfield tag="008">780918d19uu1980lauwr ne      0   a0eng d</controlfield><datafield ind1=" " ind2=" " tag="010"><subfield code="a">sn 78006135 </subfield></datafield><datafield ind1=" " ind2=" " tag="040"><subfield code="a">NSD</subfield><subfield code="b">eng</subfield><subfield code="c">NSD</subfield><subfield code="d">LNP</subfield><subfield code="d">OCL</subfield><subfield code="d">OCLCQ</subfield></datafield><datafield ind1=" " ind2=" " tag="012"><subfield code="k">1</subfield><subfield code="m">1</subfield></datafield><datafield ind1="1" ind2=" " tag="022"><subfield code="a">0164-9116</subfield><subfield code="l">0164-9116</subfield><subfield code="2">1</subfield></datafield><datafield ind1=" " ind2=" " tag="032"><subfield code="a">607880</subfield><subfield code="b">USPS</subfield></datafield><datafield ind1=" " ind2=" " tag="042"><subfield code="a">nsdp</subfield></datafield><datafield ind1=" " ind2="4" tag="222"><subfield code="a">The Ringgold record</subfield></datafield><datafield ind1="0" ind2="4" tag="245"><subfield code="a">The Ringgold record.</subfield></datafield><datafield ind1=" " ind2=" " tag="260"><subfield code="a">Ringgold, La. :</subfield><subfield code="b">Bienville Pub. Co.</subfield></datafield><datafield ind1=" " ind2=" " tag="310"><subfield code="a">Weekly</subfield></datafield><datafield ind1="0" ind2=" " tag="362"><subfield code="a">-v. 34, no. 27 (July 10, 1980).</subfield></datafield><datafield ind1=" " ind2=" " tag="500"><subfield code="a">Issue for July 10, 1980 published as pp. 10-14 of the Bienville Democrat of the same date.</subfield></datafield><datafield ind1=" " ind2=" " tag="588"><subfield code="a">Description based on: 11th year, no. 6 (Jan. 6, 1961).</subfield></datafield><datafield ind1=" " ind2=" " tag="752"><subfield code="a">United States</subfield><subfield code="b">Louisiana</subfield><subfield code="c">Bienville</subfield><subfield code="d">Ringgold.</subfield></datafield><datafield ind1="0" ind2="7" tag="785"><subfield code="t">Bienville Democrat</subfield><subfield code="w">(DLC)sn 88064069</subfield></datafield><datafield ind1="0" ind2="7" tag="785"><subfield code="t">Bienville Democrat Ringgold record</subfield><subfield code="w">(DLC)sn 88064070</subfield></datafield><datafield ind1=" " ind2=" " tag="936"><subfield code="a">Aug. 18, 1978</subfield></datafield><datafield ind1="1" ind2=" " tag="029"><subfield code="a">AU@</subfield><subfield code="b">000020498453</subfield></datafield></record>